%% This BibTeX bibliography file was created using BibDesk.
%% http://bibdesk.sourceforge.net/


%% Created for Eric Adamski at 2015-04-17 12:29:06 -0400 


%% Saved with string encoding Unicode (UTF-8) 



@inproceedings{ravichandran,
	Author = {Ravichandran, E. and Hovy, E.},
	Booktitle = {In Proceedings of the ACL Conference, 2002},
	Organization = {ACL},
	Pages = {--},
	Title = {Learning Surface Text Patterns for a Question Answering System},
	Year = {2002}}

@techreport{ogden,
	Author = {Ogden, W. and Bernick, P.},
	Institution = {The Computing Research Laboratory New Mexico State University},
	Title = {{Using Natural Language Interfaces}},
	Year = {1996}}

@article{aggarwal,
	Author = {Aggarwal, M.},
	Journal = {International Journal of Soft Computing and Engineering},
	Number = {1},
	Pages = {43--45},
	Title = {{Information Retrieval and Question Answering NLP Approach: An Artificial Intelligence Application}},
	Volume = {1},
	Year = {2011}}

@article{miller,
	Author = {Miller, L.},
	Journal = {IBM Systems},
	Number = {2},
	Pages = {184--215},
	Title = {{Natural language programming: Styles, strategies, and contrasts}},
	Volume = {20},
	Year = {1981}}

@article{hahn,
	Author = {Hahn, W. and Hoeppner, W. and Jameson, A. and Wahlster, W.},
	Journal = {Bolc, L. (ed.): Natural Language Based Computer Systems M{\"u}nchen: Hanser / Macmillan},
	Pages = {119--253},
	Title = {{The Anatomy of the Natural Language Dialogue System HAM-RPM}},
	Year = {1990}}

@inproceedings{socher,
	Author = {Socher, R. and Lin, C. and Ng, A. and Manning, C.},
	Booktitle = {In Proceedings of the 28th International Con- ference on Machine Learning},
	Title = {{Parsing Natural Scenes and Natural Language with Recursive Neural Networks}},
	Year = {2011}}

@techreport{schank,
	Author = {Schank, R. and Rieger, C.},
	Institution = {Stanford University},
	Title = {{Inference and the Computer Understanding of Natural Language}},
	Year = {1973}}

@techreport{biermann,
	Author = {Biermann, A. and Rodman, R. and Ballard, B. and Betancourt, T. and Bilbro, G. and Deas, H. and Fineman, L. and Fink, P. and Gilbert, K. and Gregory, D. and Heidlage, F.},
	Institution = {Department of Computer Science Duke University},
	Title = {{Interactive Natural Language Problem Solving: A Pragmatic Approach}},
	Year = {1982}}

@techreport{thompson,
	Author = {Thompson, B.},
	Institution = {California Institute of Technology},
	Title = {{Linguistic Analysis of Natural Language Communication with Computers}},
	Year = {1982}}

@techreport{matuszek,
	Author = {Matuszek, C. and Herbst, E. and Zettlemoyer, L. and Fox, D.},
	Institution = {University of Washington},
	Title = {{Learning to Parse Natural Language Commands to a Robot Control System}},
	Year = {2013}}

@article{collobert,
	Author = {Collobert, R. and Weston, J. and Bottou, L. and Karlen, M. and Kavukcuoglu, K. and Kuksa, P.},
	Journal = {Journal of Machine Learning Research},
	Pages = {2493--2537},
	Title = {{Natural Language Processing (Almost) from Scratch}},
	Year = {2011}}

@article{enikuomehin,
	Author = {Enikuomehin, A. and Okwufulueze, D.},
	Journal = {International Journal of Advanced Computer Science and Applications},
	Number = {10},
	Pages = {169--175},
	Title = {{An Algorithm for Solving Natural Language Query Execution Problems on Relational Databases}},
	Volume = {3},
	Year = {2012}}

@techreport{kelly,
	Author = {Kelly, M.},
	Institution = {The Johns Hopkins University},
	Title = {{Limited Vocabulary Natural language Dialogue}},
	Year = {1975}}
